@article{willows1973neuronal,
  title={The neuronal basis of behavior in Tritonia. III. Neuronal mechanism of a fixed action pattern},
  author={Willows, AOD and Dorsett, DA and Hoyle, G},
  journal={Developmental Neurobiology},
  volume={4},
  number={3},
  pages={255--285},
  year={1973},
  publisher={Wiley Online Library}
}

@article{kristan1980generation,
  title={Generation of rhythmic motor patterns},
  author={Kristan Jr, William B},
  journal={Information processing in the nervous system},
  pages={241--261},
  year={1980},
  publisher={Raven Press, New York}
}

