@article{rosenfeld1971edge,
  title={Edge and curve detection for visual scene analysis},
  author={Rosenfeld, Azriel and Thurston, Mark},
  journal={IEEE Transactions on computers},
  volume={100},
  number={5},
  pages={562--569},
  year={1971},
  publisher={IEEE}
}

@techreport{hummel1986representations,
  title={Representations based on zero-crossings in scale-space.},
  author={Hummel, Robert A},
  year={1986},
  institution={NEW YORK UNIV NY COURANT INST OF MATHEMATICAL SCIENCES}
}

@article{babaud1986uniqueness,
  title={Uniqueness of the Gaussian kernel for scale-space filtering},
  author={Babaud, Jean and Witkin, Andrew P and Baudin, Michel and Duda, Richard O},
  journal={IEEE transactions on pattern analysis and machine intelligence},
  number={1},
  pages={26--33},
  year={1986},
  publisher={IEEE}
}

@book{blake1987visual,
  title={Visual reconstruction},
  author={Blake, Andrew and Zisserman, Andrew},
  year={1987},
  publisher={MIT press}
}
